@book{keviczky, 
    title = {Control Engineering},
    author = {Keviczky, L. and Bars, R. and
              Hetthéssy, J. and Bányász, C.},      
    publisher = {Springer Nature}, 
    year = 2019,
    series = {Advanced Textbooks in Control and Signal Processing},
} 

@book{ogata,
    title = {Modern Control Engineering}, 
    author = {Ogata, K.},
    edition = {5},
    publisher = {Prentice Hall}, 
    year = {2010},
}

@book{astrom,
    title = {Computer-controlled Systems --- Theory and Design},
    author = {Åström, J.K. and Wittenmark, B.},
    publisher = {Prentice Hall},
    series = {Information and System Sciences},
    edition = {3},
    year = {1997},
}

@book{franklin,
    title = {Feedback Control of Dynamic Systems},
    author = {Franklin, G.F. and Powell, J.D. and Emami-Naeini, A.},
    edition = {7},
    publisher = {Pearson Higher Ed.},
    year = {2015},
}

@book{nise,
    title = {Control Systems Engineering},
    author = {Nise, N.S.},
    edition = {7},
    publisher = {John Wiley \& Sons},
    year = {2015},
}

@misc{ctnotes,
    author = {Keviczky, T.},
    title = {SC42015 Control Theory},
    note = {Lecture slides for the SC42015 course at Delft University 
            of Technology, 3ME faculty},
    month = {Sep},
    year = {2020},
}


}
